@article{	  Aasi:2013jjl,
  author	= "Aasi, J. and others",
  title		= "{Parameter estimation for compact binary coalescence signals
		  with the first generation gravitational-wave detector
		  network}",
  collaboration	= "LIGO Collaboration, Virgo Collaboration",
  year		= "2013",
  eprint	= "1304.1775",
  archiveprefix	= "arXiv",
  primaryclass	= "gr-qc",
  slaccitation	= "%%CITATION = ARXIV:1304.1775;%%"
}

@article{Veitch:2014wba,
      author         = "Veitch, J. and others",
      title          = "{Parameter estimation for compact binaries with
                        ground-based gravitational-wave observations using the
                        LALInference software library}",
      journal        = "Phys. Rev.",
      volume         = "D91",
      year           = "2015",
      number         = "4",
      pages          = "042003",
      doi            = "10.1103/PhysRevD.91.042003",
      eprint         = "1409.7215",
      archivePrefix  = "arXiv",
      primaryClass   = "gr-qc",
      reportNumber   = "LIGO-P1400152",
      SLACcitation   = "%%CITATION = ARXIV:1409.7215;%%"
}

@article{	  Damour:2009kr,
  author	= "Damour, Thibault and Nagar, Alessandro",
  title		= "{An improved analytical description of inspiralling and
		  coalescing black-hole binaries}",
  journal	= "Phys. Rev.",
  volume	= "D79",
  year		= "2009",
  pages		= "081503",
  eprint	= "0902.0136",
  archiveprefix	= "arXiv",
  primaryclass	= "gr-qc",
  doi		= "10.1103/PhysRevD.79.081503",
  slaccitation	= "%%CITATION = 0902.0136;%%"
}

@article{Chiaramello:2020ehz,
    author = "Chiaramello, Danilo and Nagar, Alessandro",
    title = "{Faithful analytical effective-one-body waveform model for spin-aligned, moderately eccentric, coalescing black hole binaries}",
    eprint = "2001.11736",
    archivePrefix = "arXiv",
    primaryClass = "gr-qc",
    doi = "10.1103/PhysRevD.101.101501",
    journal = "Phys. Rev. D",
    volume = "101",
    number = "10",
    pages = "101501",
    year = "2020"
}

@article{Khan:2015jqa,
  author	= "Khan, Sebastian and Husa, Sascha and Hannam, Mark and Ohme,
		  Frank and P{\"u}rrer, Michael and Jim{\'e}nez Forteza, Xisco and Boh{\'e},
		  Alejandro",
  title		= "{Frequency-domain gravitational waves from nonprecessing
		  black-hole binaries. II. A phenomenological model for the
		  advanced detector era}",
  journal	= "Phys. Rev.",
  volume	= "D93",
  year		= "2016",
  number	= "4",
  pages		= "044007",
  doi		= "10.1103/PhysRevD.93.044007",
  eprint	= "1508.07253",
  archiveprefix	= "arXiv",
  primaryclass	= "gr-qc",
  slaccitation	= "%%CITATION = ARXIV:1508.07253;%%"
}


@article{Pratten:2020ceb,
    author = "Pratten, Geraint and others",
    title = "{Let's twist again: computationally efficient models for the dominant and sub-dominant harmonic modes of precessing binary black holes}",
    eprint = "2004.06503",
    archivePrefix = "arXiv",
    primaryClass = "gr-qc",
    month = "4",
    year = "2020"
}


@article{Estelles:2020osj,
    author = {Estell\'es, H\'ector and Ramos-Buades, Antoni and Husa, Sascha and Garc\'\i{}a-Quir\'os, Cecilio and Colleoni, Marta and Haegel, Le\"\i{}la and Jaume, Rafel},
    title = "{IMRPhenomTP: A phenomenological time domain model for dominant quadrupole gravitational wave signal of coalescing binary black holes}",
    eprint = "2004.08302",
    archivePrefix = "arXiv",
    primaryClass = "gr-qc",
    month = "4",
    year = "2020"
}

@article{Nagar:2018gnk,
      author         = "Nagar, Alessandro and Rettegno, Piero",
      title          = "{Efficient effective one body time-domain gravitational
                        waveforms}",
      journal        = "Phys. Rev.",
      volume         = "D99",
      year           = "2019",
      number         = "2",
      pages          = "021501",
      doi            = "10.1103/PhysRevD.99.021501",
      eprint         = "1805.03891",
      archivePrefix  = "arXiv",
      primaryClass   = "gr-qc",
      SLACcitation   = "%%CITATION = ARXIV:1805.03891;%%"
}

@article{Purrer:2015tud,
      author         = "P{\"u}rrer, Michael",
      title          = "{Frequency domain reduced order model of aligned-spin
                        effective-one-body waveforms with generic mass-ratios and
                        spins}",
      journal        = "Phys. Rev.",
      volume         = "D93",
      year           = "2016",
      number         = "6",
      pages          = "064041",
      doi            = "10.1103/PhysRevD.93.064041",
      eprint         = "1512.02248",
      archivePrefix  = "arXiv",
      primaryClass   = "gr-qc",
      SLACcitation   = "%%CITATION = ARXIV:1512.02248;%%"
}

@article{	  Bohe:2016gbl,
  author	= "Boh{\'e}, Alejandro and others",
  title		= "{Improved effective-one-body model of spinning, nonprecessing
		  binary black holes for the era of gravitational-wave
		  astrophysics with advanced detectors}",
  journal	= "Phys. Rev.",
  volume	= "D95",
  year		= "2017",
  number	= "4",
  pages		= "044028",
  doi		= "10.1103/PhysRevD.95.044028",
  eprint	= "1611.03703",
  archiveprefix	= "arXiv",
  primaryclass	= "gr-qc",
  reportnumber	= "LIGO-P1600315",
  slaccitation	= "%%CITATION = ARXIV:1611.03703;%%"
}

@inproceedings{Purrer:2017str,
    author = "Pürrer, Michael and Smith, Rory and Field, Scott and Cañizares, Priscilla and Raymond, Vivien and Gair, Jonathan and Hannam, Mark",
    title = "{Accelerating parameter estimation of gravitational waves from black hole binaries with reduced order quadratures}",
    booktitle = "{14th Marcel Grossmann Meeting on Recent Developments in Theoretical and Experimental General Relativity, Astrophysics, and Relativistic Field Theories}",
    doi = "10.1142/9789813226609\_0218",
    volume = "2",
    pages = "2015--2018",
    year = "2017"
}

@article{Lackey:2018zvw,
    author = "Lackey, Benjamin D. and Pürrer, Michael and Taracchini, Andrea and Marsat, Sylvain",
    title = "{Surrogate model for an aligned-spin effective one body waveform model of binary neutron star inspirals using Gaussian process regression}",
    eprint = "1812.08643",
    archivePrefix = "arXiv",
    primaryClass = "gr-qc",
    doi = "10.1103/PhysRevD.100.024002",
    journal = "Phys. Rev. D",
    volume = "100",
    number = "2",
    pages = "024002",
    year = "2019"
}

@article{Cotesta:2020qhw,
    author = {Cotesta, Roberto and Marsat, Sylvain and P\"urrer, Michael},
    title = "{Frequency domain reduced order model of aligned-spin effective-one-body waveforms with higher-order modes}",
    eprint = "2003.12079",
    archivePrefix = "arXiv",
    primaryClass = "gr-qc",
    doi = "10.1103/PhysRevD.101.124040",
    journal = "Phys. Rev. D",
    volume = "101",
    number = "12",
    pages = "124040",
    year = "2020"
}

@article{Gadre:2022sed,
    author = {Gadre, Bhooshan and P\"urrer, Michael and Field, Scott E. and Ossokine, Serguei and Varma, Vijay},
    title = "{A fully precessing higher-mode surrogate model of effective-one-body waveforms}",
    eprint = "2203.00381",
    archivePrefix = "arXiv",
    primaryClass = "gr-qc",
    reportNumber = "LIGO-P2200040",
    month = "3",
    year = "2022"
}

@article{Gabbard:2017lja,
    author = "Gabbard, Hunter and Williams, Michael and Hayes, Fergus and Messenger, Chris",
    title = "{Matching matched filtering with deep networks for gravitational-wave astronomy}",
    eprint = "1712.06041",
    archivePrefix = "arXiv",
    primaryClass = "astro-ph.IM",
    doi = "10.1103/PhysRevLett.120.141103",
    journal = "Phys. Rev. Lett.",
    volume = "120",
    number = "14",
    pages = "141103",
    year = "2018"
}

@article{George:2017pmj,
    author = "George, Daniel and Huerta, E.A.",
    title = "{Deep Learning for Real-time Gravitational Wave Detection and Parameter Estimation: Results with Advanced LIGO Data}",
    eprint = "1711.03121",
    archivePrefix = "arXiv",
    primaryClass = "gr-qc",
    doi = "10.1016/j.physletb.2017.12.053",
    journal = "Phys. Lett. B",
    volume = "778",
    pages = "64--70",
    year = "2018"
}

@inproceedings{George:2017vlv,
    author = "George, Daniel and Huerta, E.A.",
    title = "{Deep Learning for Real-time Gravitational Wave Detection and Parameter Estimation with LIGO Data}",
    booktitle = "{NiPS Summer School 2017}",
    eprint = "1711.07966",
    archivePrefix = "arXiv",
    primaryClass = "gr-qc",
    month = "11",
    year = "2017"
}

@article{Rebei:2018lzh,
    author = "Rebei, Adam and Huerta, E.A. and Wang, Sibo and Habib, Sarah and Haas, Roland and Johnson, Daniel and George, Daniel",
    title = "{Fusing numerical relativity and deep learning to detect higher-order multipole waveforms from eccentric binary black hole mergers}",
    eprint = "1807.09787",
    archivePrefix = "arXiv",
    primaryClass = "gr-qc",
    doi = "10.1103/PhysRevD.100.044025",
    journal = "Phys. Rev. D",
    volume = "100",
    number = "4",
    pages = "044025",
    year = "2019"
}

@article{Khan:2020foe,
    author = "Khan, Asad and Huerta, E.A. and Das, Arnav",
    title = "{Physics-inspired deep learning to characterize the signal manifold of quasi-circular, spinning, non-precessing binary black hole mergers}",
    eprint = "2004.09524",
    archivePrefix = "arXiv",
    primaryClass = "gr-qc",
    doi = "10.1016/j.physletb.2020.135628",
    journal = "Phys. Lett. B",
    volume = "808",
    pages = "0370--2693",
    year = "2020"
}

@article{Nagar:2018zoe,
      author         = "Nagar, Alessandro and others",
      title          = "{Time-domain effective-one-body gravitational waveforms
                        for coalescing compact binaries with nonprecessing spins,
                        tides and self-spin effects}",
      journal        = "Phys. Rev.",
      volume         = "D98",
      year           = "2018",
      number         = "10",
      pages          = "104052",
      doi            = "10.1103/PhysRevD.98.104052",
      eprint         = "1806.01772",
      archivePrefix  = "arXiv",
      primaryClass   = "gr-qc",
      SLACcitation   = "%%CITATION = ARXIV:1806.01772;%%"
}

@article{Nagar:2019wds,
      author         = "Nagar, Alessandro and Pratten, Geraint and
                        Riemenschneider, Gunnar and Gamba, Rossella",
      title          = "{A Multipolar Effective One Body Model for Non-Spinning
                        Black Hole Binaries}",
      year           = "2019",
      eprint         = "1904.09550",
      archivePrefix  = "arXiv",
      primaryClass   = "gr-qc",
      SLACcitation   = "%%CITATION = ARXIV:1904.09550;%%"
}

@article{Nagar:2020pcj,
      author         = "Nagar, Alessandro and Riemenschneider, Gunnar and
                        Pratten, Geraint and Rettegno, Piero and Messina,
                        Francesco",
      title          = "{A multipolar effective one body waveform model for
                        spin-aligned black hole binaries}",
      year           = "2020",
      eprint         = "2001.09082",
      archivePrefix  = "arXiv",
      primaryClass   = "gr-qc",
      SLACcitation   = "%%CITATION = ARXIV:2001.09082;%%"
}

@article{	  Damour:2014yha,
  author	= "Damour, Thibault and Nagar, Alessandro",
  title		= "{A new analytic representation of the ringdown waveform of
		  coalescing spinning black hole binaries}",
  journal	= "Phys.Rev.",
  volume	= "D90",
  pages		= "024054",
  doi		= "10.1103/PhysRevD.90.024054",
  year		= "2014",
  eprint	= "1406.0401",
  archiveprefix	= "arXiv",
  primaryclass	= "gr-qc",
  slaccitation	= "%%CITATION = ARXIV:1406.0401;%%"
}

@article{Taracchini:2013rva,
  author	= "Taracchini, Andrea and Buonanno, Alessandra and Pan, Yi and
		  Hinderer, Tanja and Boyle, Michael and others",
  title		= "{Effective-one-body model for black-hole binaries with
		  generic mass ratios and spins}",
  journal	= "Phys.Rev.",
  number	= "6",
  volume	= "D89",
  pages		= "061502",
  doi		= "10.1103/PhysRevD.89.061502",
  year		= "2014",
  eprint	= "1311.2544",
  archiveprefix	= "arXiv",
  primaryclass	= "gr-qc",
  slaccitation	= "%%CITATION = ARXIV:1311.2544;%%"
}

@article{LIGOScientific:2018mvr,
    author = "Abbott, B. P. and others",
    collaboration = "LIGO Scientific, Virgo",
    title = "{GWTC-1: A Gravitational-Wave Transient Catalog of Compact Binary Mergers Observed by LIGO and Virgo during the First and Second Observing Runs}",
    eprint = "1811.12907",
    archivePrefix = "arXiv",
    primaryClass = "astro-ph.HE",
    reportNumber = "LIGO-P1800307",
    doi = "10.1103/PhysRevX.9.031040",
    journal = "Phys. Rev. X",
    volume = "9",
    number = "3",
    pages = "031040",
    year = "2019"
}


@article{LIGOScientific:2020ibl,
    author = "Abbott, R. and others",
    collaboration = "LIGO Scientific, Virgo",
    title = "{GWTC-2: Compact Binary Coalescences Observed by LIGO and Virgo During the First Half of the Third Observing Run}",
    eprint = "2010.14527",
    archivePrefix = "arXiv",
    primaryClass = "gr-qc",
    reportNumber = "P2000061",
    doi = "10.1103/PhysRevX.11.021053",
    journal = "Phys. Rev. X",
    volume = "11",
    pages = "021053",
    year = "2021"
}

@article{KAGRA:2021vkt,
    author = "Abbott, R. and others",
    collaboration = "KAGRA, VIRGO, LIGO Scientific",
    title = "{GWTC-3: Compact Binary Coalescences Observed by LIGO and Virgo during the Second Part of the Third Observing Run}",
    eprint = "2111.03606",
    archivePrefix = "arXiv",
    primaryClass = "gr-qc",
    reportNumber = "LIGO-P2000318",
    doi = "10.1103/PhysRevX.13.041039",
    journal = "Phys. Rev. X",
    volume = "13",
    number = "4",
    pages = "041039",
    year = "2023"
}

@article{LIGOScientific:2021usb,
    author = "Abbott, R. and others",
    collaboration = "LIGO Scientific, VIRGO",
    title = "{GWTC-2.1: Deep extended catalog of compact binary coalescences observed by LIGO and Virgo during the first half of the third observing run}",
    eprint = "2108.01045",
    archivePrefix = "arXiv",
    primaryClass = "gr-qc",
    reportNumber = "LIGO-P2100063",
    doi = "10.1103/PhysRevD.109.022001",
    journal = "Phys. Rev. D",
    volume = "109",
    number = "2",
    pages = "022001",
    year = "2024"
}

@article{Rettegno:2019tzh,
      author         = "Rettegno, Piero and Martinetti, Fabio and Nagar,
                        Alessandro and Bini, Donato and Riemenschneider, Gunnar
                        and Damour, Thibault",
      title          = "{Comparing Effective One Body Hamiltonians for
                        spin-aligned coalescing binaries}",
      year           = "2019",
      eprint         = "1911.10818",
      archivePrefix  = "arXiv",
      primaryClass   = "gr-qc",
      SLACcitation   = "%%CITATION = ARXIV:1911.10818;%%"
}

@book{murphy2012machine,
  title="{Machine Learning: A Probabilistic Perspective}",
  author={Murphy, K.P.},
  isbn={9780262018029},
  lccn={2012004558},
  series={Adaptive Computation and Machine Learning series},
  url={https://books.google.it/books?id=NZP6AQAAQBAJ},
  year={2012},
  publisher={MIT Press}
}

@book{Goodfellow-et-al-2016,
    title={Deep Learning},
    author={Ian Goodfellow and Yoshua Bengio and Aaron Courville},
    publisher={MIT Press},
    note={\url{http://www.deeplearningbook.org}},
    year={2016}
}

@book{Bishop2006machinelearning,
author = {Bishop, Christopher M.},
title = {Pattern Recognition and Machine Learning (Information Science and Statistics)},
year = {2006},
isbn = {0387310738},
publisher = {Springer-Verlag},
address = {Berlin, Heidelberg}
}


@article{Jacobs1991AdaptiveMoE,
  title={Adaptive Mixtures of Local Experts},
  author={Robert A. Jacobs and Michael I. Jordan and Steven J. Nowlan and Geoffrey E. Hinton},
  journal={Neural Computation},
  year={1991},
  volume={3},
  pages={79-87}
}

@article{Ohme2013PCA_GW,
   title={Statistical and systematic errors for gravitational-wave inspiral signals: A principal component analysis},
   volume={88},
   ISSN={1550-2368},
   url={http://dx.doi.org/10.1103/PhysRevD.88.042002},
   DOI={10.1103/physrevd.88.042002},
   number={4},
   journal={Physical Review D},
   publisher={American Physical Society (APS)},
   author={Ohme, Frank and Nielsen, Alex B. and Keppel, Drew and Lundgren, Andrew},
   year={2013},
   month={Aug}
}

@article{Boh__2017__SEOBNRv4,
   title={Improved effective-one-body model of spinning, nonprecessing binary black holes for the era of gravitational-wave astrophysics with advanced detectors},
   volume={95},
   ISSN={2470-0029},
   url={http://dx.doi.org/10.1103/PhysRevD.95.044028},
   DOI={10.1103/physrevd.95.044028},
   number={4},
   journal={Physical Review D},
   publisher={American Physical Society (APS)},
   author={Bohé, Alejandro and Shao, Lijing and Taracchini, Andrea and Buonanno, Alessandra and Babak, Stanislav and Harry, Ian W. and Hinder, Ian and Ossokine, Serguei and Pürrer, Michael and Raymond, Vivien and et al.},
   year={2017},
   month={Feb}
}

@article{Chua_2019,
   title={Reduced-Order Modeling with Artificial Neurons for Gravitational-Wave Inference},
   volume={122},
   ISSN={1079-7114},
   url={http://dx.doi.org/10.1103/PhysRevLett.122.211101},
   DOI={10.1103/physrevlett.122.211101},
   number={21},
   journal={Physical Review Letters},
   publisher={American Physical Society (APS)},
   author={Chua, Alvin J. K. and Galley, Chad R. and Vallisneri, Michele},
   year={2019},
   month={May}
}


@article{Khan:2020fso,
    author = "Khan, Sebastian and Green, Rhys",
    title = "{Gravitational-wave surrogate models powered by artificial neural networks: The ANN-Sur for waveform generation}",
    eprint = "2008.12932",
    archivePrefix = "arXiv",
    primaryClass = "gr-qc",
    month = "8",
    year = "2020"
}


@article{Schmidt2015Precession,
   title={Towards models of gravitational waveforms from generic binaries: Modelling precession effects with a single effective precession parameter},
   volume={91},
   ISSN={1550-2368},
   url={http://dx.doi.org/10.1103/PhysRevD.91.024043},
   DOI={10.1103/physrevd.91.024043},
   number={2},
   journal={Physical Review D},
   publisher={American Physical Society (APS)},
   author={Schmidt, Patricia and Ohme, Frank and Hannam, Mark},
   year={2015},
   month={Jan}
}

@article{	  Mroue:2013xna,
  author	= "Mroue, Abdul H. and Scheel, Mark A. and Szilagyi, Bela and
		  Pfeiffer, Harald P. and Boyle, Michael and others",
  title		= "{A catalog of 174 binary black-hole simulations for
		  gravitational-wave astronomy}",
  journal	= "Phys.Rev.Lett.",
  volume	= "111",
  pages		= "241104",
  doi		= "10.1103/PhysRevLett.111.241104",
  year		= "2013",
  eprint	= "1304.6077",
  archiveprefix	= "arXiv",
  primaryclass	= "gr-qc",
  slaccitation	= "%%CITATION = ARXIV:1304.6077;%%"
}

@article{Boyle:2019kee,
      author         = "Boyle, Michael and others",
      title          = "{The SXS Collaboration catalog of binary black hole
                        simulations}",
      journal        = "Class. Quant. Grav.",
      volume         = "36",
      year           = "2019",
      number         = "19",
      pages          = "195006",
      doi            = "10.1088/1361-6382/ab34e2",
      eprint         = "1904.04831",
      archivePrefix  = "arXiv",
      primaryClass   = "gr-qc",
      SLACcitation   = "%%CITATION = ARXIV:1904.04831;%%"
}

@article{Healy:2019jyf,
    author = "Healy, James and Lousto, Carlos O. and Lange, Jacob and O'Shaughnessy, Richard and Zlochower, Yosef and Campanelli, Manuela",
    title = "{Second RIT binary black hole simulations catalog and its application to gravitational waves parameter estimation}",
    eprint = "1901.02553",
    archivePrefix = "arXiv",
    primaryClass = "gr-qc",
    doi = "10.1103/PhysRevD.100.024021",
    journal = "Phys. Rev. D",
    volume = "100",
    number = "2",
    pages = "024021",
    year = "2019"
}

@misc{betancourt2017hamiltonianMC,
    title={A Conceptual Introduction to Hamiltonian Monte Carlo},
    author={Michael Betancourt},
    year={2017},
    eprint={1701.02434},
    archivePrefix={arXiv},
    primaryClass={stat.ME}
}

@misc{ajith2011data,
      title={Data formats for numerical relativity waves}, 
      author={P. Ajith and M. Boyle and D. A. Brown and S. Fairhurst and M. Hannam and I. Hinder and S. Husa and B. Krishnan and R. A. Mercer and F. Ohme and C. D. Ott and J. S. Read and L. Santamaria and J. T. Whelan},
      year={2011},
      eprint={0709.0093},
      archivePrefix={arXiv},
      primaryClass={gr-qc}
}

@article{Porter2014Hamiltonian_MonteCarlo,
   title={A Hamiltonian Monte–Carlo method for Bayesian inference of supermassive black hole binaries},
   volume={31},
   ISSN={1361-6382},
   url={http://dx.doi.org/10.1088/0264-9381/31/14/145004},
   DOI={10.1088/0264-9381/31/14/145004},
   number={14},
   journal={Classical and Quantum Gravity},
   publisher={IOP Publishing},
   author={Porter, Edward K and Carré, Jérôme},
   year={2014},
   month={Jul},
   pages={145004}
}

@article{	  Babak:2016tgq,
  author	= "Babak, Stanislav and Taracchini, Andrea and Buonanno,
		  Alessandra",
  title		= "{Validating the effective-one-body model of spinning,
		  precessing binary black holes against numerical relativity}",
  journal	= "Phys. Rev.",
  volume	= "D95",
  year		= "2017",
  number	= "2",
  pages		= "024010",
  doi		= "10.1103/PhysRevD.95.024010",
  eprint	= "1607.05661",
  archiveprefix	= "arXiv",
  primaryclass	= "gr-qc",
  slaccitation	= "%%CITATION = ARXIV:1607.05661;%%"
}


@article{Varma:2018mmi,
      author         = "Varma, Vijay and Field, Scott E. and Scheel, Mark A. and
                        Blackman, Jonathan and Kidder, Lawrence E. and Pfeiffer,
                        Harald P.",
      title          = "{Surrogate model of hybridized numerical relativity
                        binary black hole waveforms}",
      journal        = "Phys. Rev.",
      volume         = "D99",
      year           = "2019",
      number         = "6",
      pages          = "064045",
      doi            = "10.1103/PhysRevD.99.064045",
      eprint         = "1812.07865",
      archivePrefix  = "arXiv",
      primaryClass   = "gr-qc",
      SLACcitation   = "%%CITATION = ARXIV:1812.07865;%%"
}


@article{Williams:2019vub,
      author         = "Williams, Daniel and Heng, Ik Siong and Gair, Jonathan
                        and Clark, James A. and Khamesra, Bhavesh",
      title          = "{A Precessing Numerical Relativity Waveform Surrogate
                        Model for Binary Black Holes: A Gaussian Process
                        Regression Approach}",
      year           = "2019",
      eprint         = "1903.09204",
      archivePrefix  = "arXiv",
      primaryClass   = "gr-qc",
      reportNumber   = "DCC:ligo-p1800128",
      SLACcitation   = "%%CITATION = ARXIV:1903.09204;%%"
}

@article{Varma:2019csw,
      author         = "Varma, Vijay and Field, Scott E. and Scheel, Mark A. and
                        Blackman, Jonathan and Gerosa, Davide and Stein, Leo C.
                        and Kidder, Lawrence E. and Pfeiffer, Harald P.",
      title          = "{Surrogate models for precessing binary black hole
                        simulations with unequal masses}",
      journal        = "Phys. Rev. Research.",
      volume         = "1",
      year           = "2019",
      pages          = "033015",
      doi            = "10.1103/PhysRevResearch.1.033015",
      eprint         = "1905.09300",
      archivePrefix  = "arXiv",
      primaryClass   = "gr-qc",
      SLACcitation   = "%%CITATION = ARXIV:1905.09300;%%"
}


@article{Rifat:2019ltp,
    author = "Rifat, Nur E.M. and Field, Scott E. and Khanna, Gaurav and Varma, Vijay",
    title = "{Surrogate model for gravitational wave signals from comparable and large-mass-ratio black hole binaries}",
    eprint = "1910.10473",
    archivePrefix = "arXiv",
    primaryClass = "gr-qc",
    doi = "10.1103/PhysRevD.101.081502",
    journal = "Phys. Rev. D",
    volume = "101",
    number = "8",
    pages = "081502",
    year = "2020"
}

@article{	  Buonanno:2000ef,
  author	= "Buonanno, Alessandra and Damour, Thibault",
  title		= "{Transition from inspiral to plunge in binary black hole
		  coalescences}",
  journal	= "Phys. Rev.",
  volume	= "D62",
  year		= "2000",
  pages		= "064015",
  eprint	= "gr-qc/0001013",
  archiveprefix	= "arXiv",
  doi		= "10.1103/PhysRevD.62.064015",
  slaccitation	= "%%CITATION = GR-QC/0001013;%%"
}

@article{	  Damour:2007xr,
  author	= "Damour, Thibault and Nagar, Alessandro",
  title		= "{Faithful Effective-One-Body waveforms of small-mass-ratio
		  coalescing black-hole binaries}",
  journal	= "Phys. Rev.",
  volume	= "D76",
  year		= "2007",
  pages		= "064028",
  eprint	= "0705.2519",
  archiveprefix	= "arXiv",
  primaryclass	= "gr-qc",
  doi		= "10.1103/PhysRevD.76.064028",
  slaccitation	= "%%CITATION = 0705.2519;%%"
}

@article{	  Damour:2009wj,
  author	= "Damour, Thibault and Nagar, Alessandro",
  title		= "{Effective One Body description of tidal effects in
		  inspiralling compact binaries}",
  journal	= "Phys. Rev.",
  volume	= "D81",
  year		= "2010",
  pages		= "084016",
  eprint	= "0911.5041",
  archiveprefix	= "arXiv",
  primaryclass	= "gr-qc",
  doi		= "10.1103/PhysRevD.81.084016",
  slaccitation	= "%%CITATION = 0911.5041;%%"
}

@article{gwmodel,
  author       = {Giulia Pagano and
                  Walter Del Pozzo},
  title        = {In preparation, 2020}
}

@software{cpnest,
  author       = {John Veitch and
                  Walter Del Pozzo and
                  Cody and
                  Matt Pitkin and
                  ed1d1a8d},
  title        = {johnveitch/cpnest: Minor optimisation},
  month        = jul,
  year         = 2017,
  publisher    = {Zenodo},
  version      = {0.1.4},
  doi          = {10.5281/zenodo.835874},
  url          = {https://doi.org/10.5281/zenodo.835874}
}

@article{Field:2013cfa,
    author = "Field, Scott E. and Galley, Chad R. and Hesthaven, Jan S. and Kaye, Jason and Tiglio, Manuel",
    title = "{Fast prediction and evaluation of gravitational waveforms using surrogate models}",
    eprint = "1308.3565",
    archivePrefix = "arXiv",
    primaryClass = "gr-qc",
    doi = "10.1103/PhysRevX.4.031006",
    journal = "Phys. Rev. X",
    volume = "4",
    number = "3",
    pages = "031006",
    year = "2014"
}

@article{Setyawati:2019xzw,
    author = {Setyawati, Yoshinta and P\"urrer, Michael and Ohme, Frank},
    title = "{Regression methods in waveform modeling: a comparative study}",
    eprint = "1909.10986",
    archivePrefix = "arXiv",
    primaryClass = "astro-ph.IM",
    doi = "10.1088/1361-6382/ab693b",
    journal = "Class. Quant. Grav.",
    volume = "37",
    number = "7",
    pages = "075012",
    year = "2020"
}

@article{Ossokine:2020kjp,
    author = "Ossokine, Serguei and others",
    title = "{Multipolar Effective-One-Body Waveforms for Precessing Binary Black Holes: Construction and Validation}",
    eprint = "2004.09442",
    archivePrefix = "arXiv",
    primaryClass = "gr-qc",
    doi = "10.1103/PhysRevD.102.044055",
    journal = "Phys. Rev. D",
    volume = "102",
    number = "4",
    pages = "044055",
    year = "2020"
}

@article{Healy:2020vre,
    author = "Healy, James and Lousto, Carlos O.",
    title = "{The Third RIT binary black hole simulations catalog}",
    eprint = "2007.07910",
    archivePrefix = "arXiv",
    primaryClass = "gr-qc",
    month = "7",
    year = "2020"
}

@article{Aghanim:2018eyx,
    author = "Aghanim, N. and others",
    collaboration = "Planck",
    title = "{Planck 2018 results. VI. Cosmological parameters}",
    eprint = "1807.06209",
    archivePrefix = "arXiv",
    primaryClass = "astro-ph.CO",
    doi = "10.1051/0004-6361/201833910",
    journal = "Astron. Astrophys.",
    volume = "641",
    pages = "A6",
    year = "2020"
}

@article{Riemenschneider:2020,
    author = "Riemenschneider, Gunnar and Rettegno, Pietro and Nagar, Alessandro",
     year = "in preparation, 2020"
}

@article{Wong:2020wvd,
    author = "Wong, Kaze W.K. and Ng, Ken K.Y. and Berti, Emanuele",
    title = "{Gravitational-wave signal-to-noise interpolation via neural networks}",
    eprint = "2007.10350",
    archivePrefix = "arXiv",
    primaryClass = "astro-ph.HE",
    month = "7",
    year = "2020"
}

@article{Chatterjee:2019gqr,
    author = "Chatterjee, Chayan and Wen, Linqing and Vinsen, Kevin and Kovalam, Manoj and Datta, Amitava",
    title = "{Using Deep Learning to Localize Gravitational Wave Sources}",
    eprint = "1909.06367",
    archivePrefix = "arXiv",
    primaryClass = "astro-ph.IM",
    doi = "10.1103/PhysRevD.100.103025",
    journal = "Phys. Rev. D",
    volume = "100",
    number = "10",
    pages = "103025",
    year = "2019"
}

@article{	  Devine:2016ovp,
  author	= "Devine, Caleb and Etienne, Zachariah B. and McWilliams, Sean
		  T.",
  title		= "{Optimizing spinning time-domain gravitational waveforms for
		  Advanced LIGO data analysis}",
  journal	= "Class. Quant. Grav.",
  volume	= "33",
  year		= "2016",
  number	= "12",
  pages		= "125025",
  doi		= "10.1088/0264-9381/33/12/125025",
  eprint	= "1601.03393",
  archiveprefix	= "arXiv",
  primaryclass	= "astro-ph.HE",
  slaccitation	= "%%CITATION = ARXIV:1601.03393;%%"
}

@article{Schmidt:2020yuu,
    author = "Schmidt, Stefano and Breschi, Matteo and Gamba, Rossella and Pagano, Giulia and Rettegno, Piero and Riemenschneider, Gunnar and Bernuzzi, Sebastiano and Nagar, Alessandro and Del Pozzo, Walter",
    title = "{Machine Learning Gravitational Waves from Binary Black Hole Mergers}",
    eprint = "2011.01958",
    archivePrefix = "arXiv",
    primaryClass = "gr-qc",
    doi = "10.1103/PhysRevD.103.043020",
    journal = "Phys. Rev. D",
    volume = "103",
    number = "4",
    pages = "043020",
    year = "2021"
}

@article{Estelles:2021gvs,
    author = "Estell\'es, H\'ector and Colleoni, Marta and Garc\'\i{}a-Quir\'os, Cecilio and Husa, Sascha and Keitel, David and Mateu-Lucena, Maite and Planas, Maria de Lluc and Ramos-Buades, Antoni",
    title = "{New twists in compact binary waveform modeling: A fast time-domain model for precession}",
    eprint = "2105.05872",
    archivePrefix = "arXiv",
    primaryClass = "gr-qc",
    reportNumber = "LIGO-P2100136",
    doi = "10.1103/PhysRevD.105.084040",
    journal = "Phys. Rev. D",
    volume = "105",
    number = "8",
    pages = "084040",
    year = "2022"
}


@misc{omalley2019kerastuner,
    title        = {KerasTuner},
    author       = {O'Malley, Tom and Bursztein, Elie and Long, James and Chollet, Fran\c{c}ois and Jin, Haifeng and Invernizzi, Luca and others},
    year         = 2019,
    howpublished = {\url{https://github.com/keras-team/keras-tuner}}
}

@misc{chollet2015keras,
  title={Keras},
  author={Chollet, Fran\c{c}ois and others},
  year={2015},
  howpublished={\url{https://keras.io}},
}

@misc{tensorflow2015-whitepaper,
title={ {TensorFlow}: Large-Scale Machine Learning on Heterogeneous Systems},
url={https://www.tensorflow.org/},
note={Software available from tensorflow.org},
author={
    Mart\'{i}n~Abadi and
    Ashish~Agarwal and
    Paul~Barham and
    Eugene~Brevdo and
    Zhifeng~Chen and
    Craig~Citro and
    Greg~S.~Corrado and
    Andy~Davis and
    Jeffrey~Dean and
    Matthieu~Devin and
    Sanjay~Ghemawat and
    Ian~Goodfellow and
    Andrew~Harp and
    Geoffrey~Irving and
    Michael~Isard and
    Yangqing Jia and
    Rafal~Jozefowicz and
    Lukasz~Kaiser and
    Manjunath~Kudlur and
    Josh~Levenberg and
    Dandelion~Man\'{e} and
    Rajat~Monga and
    Sherry~Moore and
    Derek~Murray and
    Chris~Olah and
    Mike~Schuster and
    Jonathon~Shlens and
    Benoit~Steiner and
    Ilya~Sutskever and
    Kunal~Talwar and
    Paul~Tucker and
    Vincent~Vanhoucke and
    Vijay~Vasudevan and
    Fernanda~Vi\'{e}gas and
    Oriol~Vinyals and
    Pete~Warden and
    Martin~Wattenberg and
    Martin~Wicke and
    Yuan~Yu and
    Xiaoqiang~Zheng},
  year={2015},
}


@inproceedings{dozat.2016,
	title        = {Incorporating {Nesterov Momentum into Adam}},
	author       = {Dozat, Timothy},
	booktitle    = {Proceedings of the 4th International Conference on Learning Representations},
	pages        = {1--4},
	date         = 2016
}

@article{Kingma2014AdamAM,
  title={Adam: A Method for Stochastic Optimization},
  author={Diederik P. Kingma and Jimmy Ba},
  journal={CoRR},
  year={2014},
  volume={abs/1412.6980},
  url={https://api.semanticscholar.org/CorpusID:6628106}
}

@article{Purrer:2019jcp,
    author = {P\"urrer, Michael and Haster, Carl-Johan},
    title = "{Gravitational waveform accuracy requirements for future ground-based detectors}",
    eprint = "1912.10055",
    archivePrefix = "arXiv",
    primaryClass = "gr-qc",
    doi = "10.1103/PhysRevResearch.2.023151",
    journal = "Phys. Rev. Res.",
    volume = "2",
    number = "2",
    pages = "023151",
    year = "2020"
}


@article{LIGOScientific:2014pky,
    author = "Aasi, J. and others",
    collaboration = "LIGO Scientific",
    title = "{Advanced LIGO}",
    eprint = "1411.4547",
    archivePrefix = "arXiv",
    primaryClass = "gr-qc",
    doi = "10.1088/0264-9381/32/7/074001",
    journal = "Class. Quant. Grav.",
    volume = "32",
    pages = "074001",
    year = "2015"
}

@article{VIRGO:2014yos,
    author = "Acernese, F. and others",
    collaboration = "VIRGO",
    title = "{Advanced Virgo: a second-generation interferometric gravitational wave detector}",
    eprint = "1408.3978",
    archivePrefix = "arXiv",
    primaryClass = "gr-qc",
    doi = "10.1088/0264-9381/32/2/024001",
    journal = "Class. Quant. Grav.",
    volume = "32",
    number = "2",
    pages = "024001",
    year = "2015"
}

@article{KAGRA:2020tym,
    author = "Akutsu, T. and others",
    collaboration = "KAGRA",
    title = "{Overview of KAGRA: Detector design and construction history}",
    eprint = "2005.05574",
    archivePrefix = "arXiv",
    primaryClass = "physics.ins-det",
    doi = "10.1093/ptep/ptaa125",
    journal = "PTEP",
    volume = "2021",
    number = "5",
    pages = "05A101",
    year = "2021"
}

@article{KAGRA:2013rdx,
    author = "Abbott, B. P. and others",
    collaboration = "KAGRA, LIGO Scientific, Virgo, VIRGO",
    title = "{Prospects for observing and localizing gravitational-wave transients with Advanced LIGO, Advanced Virgo and KAGRA}",
    eprint = "1304.0670",
    archivePrefix = "arXiv",
    primaryClass = "gr-qc",
    reportNumber = "LIGO-P1200087, VIR-0288A-12, JGW-P1808427",
    doi = "10.1007/s41114-020-00026-9",
    journal = "Living Rev. Rel.",
    volume = "21",
    number = "1",
    pages = "3",
    year = "2018"
}


@article{Punturo:2010zz,
    author = "Punturo, M. and others",
    editor = "Ricci, Fulvio",
    title = "{The Einstein Telescope: A third-generation gravitational wave observatory}",
    doi = "10.1088/0264-9381/27/19/194002",
    journal = "Class. Quant. Grav.",
    volume = "27",
    pages = "194002",
    year = "2010"
}

@article{Maggiore:2019uih,
    author = "Maggiore, Michele and others",
    title = "{Science Case for the Einstein Telescope}",
    eprint = "1912.02622",
    archivePrefix = "arXiv",
    primaryClass = "astro-ph.CO",
    doi = "10.1088/1475-7516/2020/03/050",
    journal = "JCAP",
    volume = "03",
    pages = "050",
    year = "2020"
}

@article{Reitze:2019iox,
    author = "Reitze, David and others",
    title = "{Cosmic Explorer: The U.S. Contribution to Gravitational-Wave Astronomy beyond LIGO}",
    eprint = "1907.04833",
    archivePrefix = "arXiv",
    primaryClass = "astro-ph.IM",
    reportNumber = "LIGO-P1900316",
    journal = "Bull. Am. Astron. Soc.",
    volume = "51",
    number = "7",
    pages = "035",
    year = "2019"
}

@article{LIGOScientific:2020stg,
    author = "Abbott, R. and others",
    collaboration = "LIGO Scientific, Virgo",
    title = "{GW190412: Observation of a Binary-Black-Hole Coalescence with Asymmetric Masses}",
    eprint = "2004.08342",
    archivePrefix = "arXiv",
    primaryClass = "astro-ph.HE",
    reportNumber = "LIGO-P190412",
    doi = "10.1103/PhysRevD.102.043015",
    journal = "Phys. Rev. D",
    volume = "102",
    number = "4",
    pages = "043015",
    year = "2020"
}

@article{LIGOScientific:2020zkf,
    author = "Abbott, R. and others",
    collaboration = "LIGO Scientific, Virgo",
    title = "{GW190814: Gravitational Waves from the Coalescence of a 23 Solar Mass Black Hole with a 2.6 Solar Mass Compact Object}",
    eprint = "2006.12611",
    archivePrefix = "arXiv",
    primaryClass = "astro-ph.HE",
    reportNumber = "LIGO-P190814",
    doi = "10.3847/2041-8213/ab960f",
    journal = "Astrophys. J. Lett.",
    volume = "896",
    number = "2",
    pages = "L44",
    year = "2020"
}

@book{Maggiore:2007ulw,
    author = "Maggiore, Michele",
    title = "{Gravitational Waves. Vol. 1: Theory and Experiments}",
    isbn = "978-0-19-857074-5, 978-0-19-852074-0",
    publisher = "Oxford University Press",
    series = "Oxford Master Series in Physics",
    year = "2007"
}

@book{Maggiore:2018sht,
    author = "Maggiore, Michele",
    title = "{Gravitational Waves. Vol. 2: Astrophysics and Cosmology}",
    isbn = "978-0-19-857089-9",
    publisher = "Oxford University Press",
    month = "3",
    year = "2018"
}

@article{Varma:2014jxa,
    author = {Varma, Vijay and Ajith, Parameswaran and Husa, Sascha and Bustillo, Juan Calderon and Hannam, Mark and P\"urrer, Michael},
    title = "{Gravitational-wave observations of binary black holes: Effect of nonquadrupole modes}",
    eprint = "1409.2349",
    archivePrefix = "arXiv",
    primaryClass = "gr-qc",
    reportNumber = "LIGO-P1400095-V3",
    doi = "10.1103/PhysRevD.90.124004",
    journal = "Phys. Rev. D",
    volume = "90",
    number = "12",
    pages = "124004",
    year = "2014"
}

@article{Varma:2016dnf,
    author = "Varma, Vijay and Ajith, Parameswaran",
    title = "{Effects of nonquadrupole modes in the detection and parameter estimation of black hole binaries with nonprecessing spins}",
    eprint = "1612.05608",
    archivePrefix = "arXiv",
    primaryClass = "gr-qc",
    doi = "10.1103/PhysRevD.96.124024",
    journal = "Phys. Rev. D",
    volume = "96",
    number = "12",
    pages = "124024",
    year = "2017"
}

@article{Ramos-Buades:2023ehm,
    author = "Ramos-Buades, Antoni and Buonanno, Alessandra and Estell\'es, H\'ector and Khalil, Mohammed and Mihaylov, Deyan P. and Ossokine, Serguei and Pompili, Lorenzo and Shiferaw, Mahlet",
    title = "{SEOBNRv5PHM: Next generation of accurate and efficient multipolar precessing-spin effective-one-body waveforms for binary black holes}",
    eprint = "2303.18046",
    archivePrefix = "arXiv",
    primaryClass = "gr-qc",
    month = "3",
    year = "2023"
}

@article{Nagar:2021gss,
    author = "Nagar, Alessandro and Bonino, Alice and Rettegno, Piero",
    title = "{Effective one-body multipolar waveform model for spin-aligned, quasicircular, eccentric, hyperbolic black hole binaries}",
    eprint = "2101.08624",
    archivePrefix = "arXiv",
    primaryClass = "gr-qc",
    doi = "10.1103/PhysRevD.103.104021",
    journal = "Phys. Rev. D",
    volume = "103",
    number = "10",
    pages = "104021",
    year = "2021"
}

@article{Thomas:2022rmc,
    author = "Thomas, Lucy M. and Pratten, Geraint and Schmidt, Patricia",
    title = "{Accelerating multimodal gravitational waveforms from precessing compact binaries with artificial neural networks}",
    eprint = "2205.14066",
    archivePrefix = "arXiv",
    primaryClass = "gr-qc",
    reportNumber = "LIGO\_DCC P2200161",
    doi = "10.1103/PhysRevD.106.104029",
    journal = "Phys. Rev. D",
    volume = "106",
    number = "10",
    pages = "104029",
    year = "2022"
}

@article{Chua:2018woh,
    author = "Chua, Alvin J. K. and Galley, Chad R. and Vallisneri, Michele",
    title = "{Reduced-order modeling with artificial neurons for gravitational-wave inference}",
    eprint = "1811.05491",
    archivePrefix = "arXiv",
    primaryClass = "astro-ph.IM",
    doi = "10.1103/PhysRevLett.122.211101",
    journal = "Phys. Rev. Lett.",
    volume = "122",
    number = "21",
    pages = "211101",
    year = "2019"
}

@article{Tissino:2022thn,
    author = "Tissino, Jacopo and Carullo, Gregorio and Breschi, Matteo and Gamba, Rossella and Schmidt, Stefano and Bernuzzi, Sebastiano",
    title = "{Combining effective-one-body accuracy and reduced-order-quadrature speed for binary neutron star merger parameter estimation with machine learning}",
    eprint = "2210.15684",
    archivePrefix = "arXiv",
    primaryClass = "gr-qc",
    doi = "10.1103/PhysRevD.107.084037",
    journal = "Phys. Rev. D",
    volume = "107",
    number = "8",
    pages = "084037",
    year = "2023"
}

@article{Mills:2020thr,
    author = "Mills, Cameron and Fairhurst, Stephen",
    title = "{Measuring gravitational-wave higher-order multipoles}",
    eprint = "2007.04313",
    archivePrefix = "arXiv",
    primaryClass = "gr-qc",
    doi = "10.1103/PhysRevD.103.024042",
    journal = "Phys. Rev. D",
    volume = "103",
    number = "2",
    pages = "024042",
    year = "2021"
}


@INPROCEEDINGS{backprop,
  author={Hecht-Nielsen},
  booktitle={International 1989 Joint Conference on Neural Networks}, 
  title={Theory of the backpropagation neural network}, 
  year={1989},
  volume={},
  number={},
  pages={593-605 vol.1},
  doi={10.1109/IJCNN.1989.118638}}

@article{Harry:2016ijz,
    author = "Harry, Ian and Privitera, Stephen and Boh\'e, Alejandro and Buonanno, Alessandra",
    title = "{Searching for Gravitational Waves from Compact Binaries with Precessing Spins}",
    eprint = "1603.02444",
    archivePrefix = "arXiv",
    primaryClass = "gr-qc",
    doi = "10.1103/PhysRevD.94.024012",
    journal = "Phys. Rev. D",
    volume = "94",
    number = "2",
    pages = "024012",
    year = "2016"
}

@article{Harry:2017weg,
    author = "Harry, Ian and Calder\'on Bustillo, Juan and Nitz, Alex",
    title = "{Searching for the full symphony of black hole binary mergers}",
    eprint = "1709.09181",
    archivePrefix = "arXiv",
    primaryClass = "gr-qc",
    reportNumber = "LIGO-DOCUMENT-P1700262, LIGO Document P1700262",
    doi = "10.1103/PhysRevD.97.023004",
    journal = "Phys. Rev. D",
    volume = "97",
    number = "2",
    pages = "023004",
    year = "2018"
}

@article{LIGOScientific:2016ebw,
    author = "Abbott, Benjamin P. and others",
    collaboration = "LIGO Scientific, Virgo",
    title = "{Effects of waveform model systematics on the interpretation of GW150914}",
    eprint = "1611.07531",
    archivePrefix = "arXiv",
    primaryClass = "gr-qc",
    reportNumber = "P1500259",
    doi = "10.1088/1361-6382/aa6854",
    journal = "Class. Quant. Grav.",
    volume = "34",
    number = "10",
    pages = "104002",
    year = "2017"
}

@article{Gamba:2021ydi,
    author = "Gamba, Rossella and Ak\c{c}ay, Sarp and Bernuzzi, Sebastiano and Williams, Jake",
    title = "{Effective-one-body waveforms for precessing coalescing compact binaries with post-Newtonian twist}",
    eprint = "2111.03675",
    archivePrefix = "arXiv",
    primaryClass = "gr-qc",
    doi = "10.1103/PhysRevD.106.024020",
    journal = "Phys. Rev. D",
    volume = "106",
    number = "2",
    pages = "024020",
    year = "2022"
}

@article{Schmidt:2012rh,
    author = "Schmidt, Patricia and Hannam, Mark and Husa, Sascha",
    title = "{Towards models of gravitational waveforms from generic binaries: A simple approximate mapping between precessing and non-precessing inspiral signals}",
    eprint = "1207.3088",
    archivePrefix = "arXiv",
    primaryClass = "gr-qc",
    doi = "10.1103/PhysRevD.86.104063",
    journal = "Phys. Rev. D",
    volume = "86",
    pages = "104063",
    year = "2012"
}

@article{Schmidt:2014iyl,
    author = "Schmidt, Patricia and Ohme, Frank and Hannam, Mark",
    title = "{Towards models of gravitational waveforms from generic binaries II: Modelling precession effects with a single effective precession parameter}",
    eprint = "1408.1810",
    archivePrefix = "arXiv",
    primaryClass = "gr-qc",
    doi = "10.1103/PhysRevD.91.024043",
    journal = "Phys. Rev. D",
    volume = "91",
    number = "2",
    pages = "024043",
    year = "2015"
}

@article{Evans:2021gyd,
    author = "Evans, Matthew and others",
    title = "{A Horizon Study for Cosmic Explorer: Science, Observatories, and Community}",
    eprint = "2109.09882",
    archivePrefix = "arXiv",
    primaryClass = "astro-ph.IM",
    reportNumber = "CE-P2100003-v7, Cosmic Explorer technical report CE-P2100003-v6",
    month = "9",
    year = "2021"
}

@article{Samajdar:2021egv,
    author = "Samajdar, Anuradha and Janquart, Justin and Van Den Broeck, Chris and Dietrich, Tim",
    title = "{Biases in parameter estimation from overlapping gravitational-wave signals in the third-generation detector era}",
    eprint = "2102.07544",
    archivePrefix = "arXiv",
    primaryClass = "gr-qc",
    doi = "10.1103/PhysRevD.104.044003",
    journal = "Phys. Rev. D",
    volume = "104",
    number = "4",
    pages = "044003",
    year = "2021"
}

@article{Owen:2023mid,
    author = "Owen, Caroline B. and Haster, Carl-Johan and Perkins, Scott and Cornish, Neil J. and Yunes, Nicol\'as",
    title = "{Waveform accuracy and systematic uncertainties in current gravitational wave observations}",
    eprint = "2301.11941",
    archivePrefix = "arXiv",
    primaryClass = "gr-qc",
    doi = "10.1103/PhysRevD.108.044018",
    journal = "Phys. Rev. D",
    volume = "108",
    number = "4",
    pages = "044018",
    year = "2023"
}
