@article{	  Aasi:2013jjl,
  author	= "Aasi, J. and others",
  title		= "{Parameter estimation for compact binary coalescence signals
		  with the first generation gravitational-wave detector
		  network}",
  collaboration	= "LIGO Collaboration, Virgo Collaboration",
  year		= "2013",
  eprint	= "1304.1775",
  archiveprefix	= "arXiv",
  primaryclass	= "gr-qc",
  slaccitation	= "%%CITATION = ARXIV:1304.1775;%%"
}

@article{Veitch2014wba,
      author         = "Veitch, J. and others",
      title          = "{Parameter estimation for compact binaries with
                        ground-based gravitational-wave observations using the
                        LALInference software library}",
      journal        = "Phys. Rev.",
      volume         = "D91",
      year           = "2015",
      number         = "4",
      pages          = "042003",
      doi            = "10.1103/PhysRevD.91.042003",
      eprint         = "1409.7215",
      archivePrefix  = "arXiv",
      primaryClass   = "gr-qc",
      reportNumber   = "LIGO-P1400152",
      SLACcitation   = "%%CITATION = ARXIV:1409.7215;%%"
}

@article{	  Damour:2009kr,
  author	= "Damour, Thibault and Nagar, Alessandro",
  title		= "{An improved analytical description of inspiralling and
		  coalescing black-hole binaries}",
  journal	= "Phys. Rev.",
  volume	= "D79",
  year		= "2009",
  pages		= "081503",
  eprint	= "0902.0136",
  archiveprefix	= "arXiv",
  primaryclass	= "gr-qc",
  doi		= "10.1103/PhysRevD.79.081503",
  slaccitation	= "%%CITATION = 0902.0136;%%"
}

@article{Chiaramello:2020ehz,
    author = "Chiaramello, Danilo and Nagar, Alessandro",
    title = "{Faithful analytical effective-one-body waveform model for spin-aligned, moderately eccentric, coalescing black hole binaries}",
    eprint = "2001.11736",
    archivePrefix = "arXiv",
    primaryClass = "gr-qc",
    doi = "10.1103/PhysRevD.101.101501",
    journal = "Phys. Rev. D",
    volume = "101",
    number = "10",
    pages = "101501",
    year = "2020"
}

@article{Khan:2015jqa,
  author	= "Khan, Sebastian and Husa, Sascha and Hannam, Mark and Ohme,
		  Frank and P{\"u}rrer, Michael and Jim{\'e}nez Forteza, Xisco and Boh{\'e},
		  Alejandro",
  title		= "{Frequency-domain gravitational waves from nonprecessing
		  black-hole binaries. II. A phenomenological model for the
		  advanced detector era}",
  journal	= "Phys. Rev.",
  volume	= "D93",
  year		= "2016",
  number	= "4",
  pages		= "044007",
  doi		= "10.1103/PhysRevD.93.044007",
  eprint	= "1508.07253",
  archiveprefix	= "arXiv",
  primaryclass	= "gr-qc",
  slaccitation	= "%%CITATION = ARXIV:1508.07253;%%"
}


@article{Pratten:2020ceb,
    author = "Pratten, Geraint and others",
    title = "{Let's twist again: computationally efficient models for the dominant and sub-dominant harmonic modes of precessing binary black holes}",
    eprint = "2004.06503",
    archivePrefix = "arXiv",
    primaryClass = "gr-qc",
    month = "4",
    year = "2020"
}


@article{Estelles:2020osj,
    author = {Estell\'es, H\'ector and Ramos-Buades, Antoni and Husa, Sascha and Garc\'\i{}a-Quir\'os, Cecilio and Colleoni, Marta and Haegel, Le\"\i{}la and Jaume, Rafel},
    title = "{IMRPhenomTP: A phenomenological time domain model for dominant quadrupole gravitational wave signal of coalescing binary black holes}",
    eprint = "2004.08302",
    archivePrefix = "arXiv",
    primaryClass = "gr-qc",
    month = "4",
    year = "2020"
}

@article{Nagar:2018gnk,
      author         = "Nagar, Alessandro and Rettegno, Piero",
      title          = "{Efficient effective one body time-domain gravitational
                        waveforms}",
      journal        = "Phys. Rev.",
      volume         = "D99",
      year           = "2019",
      number         = "2",
      pages          = "021501",
      doi            = "10.1103/PhysRevD.99.021501",
      eprint         = "1805.03891",
      archivePrefix  = "arXiv",
      primaryClass   = "gr-qc",
      SLACcitation   = "%%CITATION = ARXIV:1805.03891;%%"
}

@article{Purrer:2015tud,
      author         = "P{\"u}rrer, Michael",
      title          = "{Frequency domain reduced order model of aligned-spin
                        effective-one-body waveforms with generic mass-ratios and
                        spins}",
      journal        = "Phys. Rev.",
      volume         = "D93",
      year           = "2016",
      number         = "6",
      pages          = "064041",
      doi            = "10.1103/PhysRevD.93.064041",
      eprint         = "1512.02248",
      archivePrefix  = "arXiv",
      primaryClass   = "gr-qc",
      SLACcitation   = "%%CITATION = ARXIV:1512.02248;%%"
}

@article{	  Bohe:2016gbl,
  author	= "Boh{\'e}, Alejandro and others",
  title		= "{Improved effective-one-body model of spinning, nonprecessing
		  binary black holes for the era of gravitational-wave
		  astrophysics with advanced detectors}",
  journal	= "Phys. Rev.",
  volume	= "D95",
  year		= "2017",
  number	= "4",
  pages		= "044028",
  doi		= "10.1103/PhysRevD.95.044028",
  eprint	= "1611.03703",
  archiveprefix	= "arXiv",
  primaryclass	= "gr-qc",
  reportnumber	= "LIGO-P1600315",
  slaccitation	= "%%CITATION = ARXIV:1611.03703;%%"
}

@inproceedings{Purrer:2017str,
    author = "Pürrer, Michael and Smith, Rory and Field, Scott and Cañizares, Priscilla and Raymond, Vivien and Gair, Jonathan and Hannam, Mark",
    title = "{Accelerating parameter estimation of gravitational waves from black hole binaries with reduced order quadratures}",
    booktitle = "{14th Marcel Grossmann Meeting on Recent Developments in Theoretical and Experimental General Relativity, Astrophysics, and Relativistic Field Theories}",
    doi = "10.1142/9789813226609\_0218",
    volume = "2",
    pages = "2015--2018",
    year = "2017"
}

@article{Lackey:2018zvw,
    author = "Lackey, Benjamin D. and Pürrer, Michael and Taracchini, Andrea and Marsat, Sylvain",
    title = "{Surrogate model for an aligned-spin effective one body waveform model of binary neutron star inspirals using Gaussian process regression}",
    eprint = "1812.08643",
    archivePrefix = "arXiv",
    primaryClass = "gr-qc",
    doi = "10.1103/PhysRevD.100.024002",
    journal = "Phys. Rev. D",
    volume = "100",
    number = "2",
    pages = "024002",
    year = "2019"
}

@article{Cotesta:2020qhw,
    author = {Cotesta, Roberto and Marsat, Sylvain and P\"urrer, Michael},
    title = "{Frequency domain reduced order model of aligned-spin effective-one-body waveforms with higher-order modes}",
    eprint = "2003.12079",
    archivePrefix = "arXiv",
    primaryClass = "gr-qc",
    doi = "10.1103/PhysRevD.101.124040",
    journal = "Phys. Rev. D",
    volume = "101",
    number = "12",
    pages = "124040",
    year = "2020"
}

@article{Gabbard:2017lja,
    author = "Gabbard, Hunter and Williams, Michael and Hayes, Fergus and Messenger, Chris",
    title = "{Matching matched filtering with deep networks for gravitational-wave astronomy}",
    eprint = "1712.06041",
    archivePrefix = "arXiv",
    primaryClass = "astro-ph.IM",
    doi = "10.1103/PhysRevLett.120.141103",
    journal = "Phys. Rev. Lett.",
    volume = "120",
    number = "14",
    pages = "141103",
    year = "2018"
}

@article{George:2017pmj,
    author = "George, Daniel and Huerta, E.A.",
    title = "{Deep Learning for Real-time Gravitational Wave Detection and Parameter Estimation: Results with Advanced LIGO Data}",
    eprint = "1711.03121",
    archivePrefix = "arXiv",
    primaryClass = "gr-qc",
    doi = "10.1016/j.physletb.2017.12.053",
    journal = "Phys. Lett. B",
    volume = "778",
    pages = "64--70",
    year = "2018"
}

@inproceedings{George:2017vlv,
    author = "George, Daniel and Huerta, E.A.",
    title = "{Deep Learning for Real-time Gravitational Wave Detection and Parameter Estimation with LIGO Data}",
    booktitle = "{NiPS Summer School 2017}",
    eprint = "1711.07966",
    archivePrefix = "arXiv",
    primaryClass = "gr-qc",
    month = "11",
    year = "2017"
}

@article{Rebei:2018lzh,
    author = "Rebei, Adam and Huerta, E.A. and Wang, Sibo and Habib, Sarah and Haas, Roland and Johnson, Daniel and George, Daniel",
    title = "{Fusing numerical relativity and deep learning to detect higher-order multipole waveforms from eccentric binary black hole mergers}",
    eprint = "1807.09787",
    archivePrefix = "arXiv",
    primaryClass = "gr-qc",
    doi = "10.1103/PhysRevD.100.044025",
    journal = "Phys. Rev. D",
    volume = "100",
    number = "4",
    pages = "044025",
    year = "2019"
}

@article{Khan:2020foe,
    author = "Khan, Asad and Huerta, E.A. and Das, Arnav",
    title = "{Physics-inspired deep learning to characterize the signal manifold of quasi-circular, spinning, non-precessing binary black hole mergers}",
    eprint = "2004.09524",
    archivePrefix = "arXiv",
    primaryClass = "gr-qc",
    doi = "10.1016/j.physletb.2020.135628",
    journal = "Phys. Lett. B",
    volume = "808",
    pages = "0370--2693",
    year = "2020"
}

@article{Nagar:2018zoe,
      author         = "Nagar, Alessandro and others",
      title          = "{Time-domain effective-one-body gravitational waveforms
                        for coalescing compact binaries with nonprecessing spins,
                        tides and self-spin effects}",
      journal        = "Phys. Rev.",
      volume         = "D98",
      year           = "2018",
      number         = "10",
      pages          = "104052",
      doi            = "10.1103/PhysRevD.98.104052",
      eprint         = "1806.01772",
      archivePrefix  = "arXiv",
      primaryClass   = "gr-qc",
      SLACcitation   = "%%CITATION = ARXIV:1806.01772;%%"
}

@article{Nagar:2019wds,
      author         = "Nagar, Alessandro and Pratten, Geraint and
                        Riemenschneider, Gunnar and Gamba, Rossella",
      title          = "{A Multipolar Effective One Body Model for Non-Spinning
                        Black Hole Binaries}",
      year           = "2019",
      eprint         = "1904.09550",
      archivePrefix  = "arXiv",
      primaryClass   = "gr-qc",
      SLACcitation   = "%%CITATION = ARXIV:1904.09550;%%"
}

@article{Nagar:2020pcj,
      author         = "Nagar, Alessandro and Riemenschneider, Gunnar and
                        Pratten, Geraint and Rettegno, Piero and Messina,
                        Francesco",
      title          = "{A multipolar effective one body waveform model for
                        spin-aligned black hole binaries}",
      year           = "2020",
      eprint         = "2001.09082",
      archivePrefix  = "arXiv",
      primaryClass   = "gr-qc",
      SLACcitation   = "%%CITATION = ARXIV:2001.09082;%%"
}

@article{	  Damour:2014yha,
  author	= "Damour, Thibault and Nagar, Alessandro",
  title		= "{A new analytic representation of the ringdown waveform of
		  coalescing spinning black hole binaries}",
  journal	= "Phys.Rev.",
  volume	= "D90",
  pages		= "024054",
  doi		= "10.1103/PhysRevD.90.024054",
  year		= "2014",
  eprint	= "1406.0401",
  archiveprefix	= "arXiv",
  primaryclass	= "gr-qc",
  slaccitation	= "%%CITATION = ARXIV:1406.0401;%%"
}

@inproceedings{Purrer:2017str,
    author = "Pürrer, Michael and Smith, Rory and Field, Scott and Cañizares, Priscilla and Raymond, Vivien and Gair, Jonathan and Hannam, Mark",
    title = "{Accelerating parameter estimation of gravitational waves from black hole binaries with reduced order quadratures}",
    booktitle = "{14th Marcel Grossmann Meeting on Recent Developments in Theoretical and Experimental General Relativity, Astrophysics, and Relativistic Field Theories}",
    doi = "10.1142/9789813226609\_0218",
    volume = "2",
    pages = "2015--2018",
    year = "2017"
}

@article{Purrer:2015tud,
      author         = "P{\"u}rrer, Michael",
      title          = "{Frequency domain reduced order model of aligned-spin
                        effective-one-body waveforms with generic mass-ratios and
                        spins}",
      journal        = "Phys. Rev.",
      volume         = "D93",
      year           = "2016",
      number         = "6",
      pages          = "064041",
      doi            = "10.1103/PhysRevD.93.064041",
      eprint         = "1512.02248",
      archivePrefix  = "arXiv",
      primaryClass   = "gr-qc",
      SLACcitation   = "%%CITATION = ARXIV:1512.02248;%%"
}


@article{	  Taracchini:2013rva,
  author	= "Taracchini, Andrea and Buonanno, Alessandra and Pan, Yi and
		  Hinderer, Tanja and Boyle, Michael and others",
  title		= "{Effective-one-body model for black-hole binaries with
		  generic mass ratios and spins}",
  journal	= "Phys.Rev.",
  number	= "6",
  volume	= "D89",
  pages		= "061502",
  doi		= "10.1103/PhysRevD.89.061502",
  year		= "2014",
  eprint	= "1311.2544",
  archiveprefix	= "arXiv",
  primaryclass	= "gr-qc",
  slaccitation	= "%%CITATION = ARXIV:1311.2544;%%"
}

@article{LIGOScientific:2018mvr,
      author         = "Abbott, B. P. and others",
      title          = "{GWTC-1: A Gravitational-Wave Transient Catalog of
                        Compact Binary Mergers Observed by LIGO and Virgo during
                        the First and Second Observing Runs}",
      collaboration  = "LIGO Scientific, Virgo",
      journal        = "Phys. Rev.",
      volume         = "X9",
      year           = "2019",
      number         = "3",
      pages          = "031040",
      doi            = "10.1103/PhysRevX.9.031040",
      eprint         = "1811.12907",
      archivePrefix  = "arXiv",
      primaryClass   = "astro-ph.HE",
      reportNumber   = "LIGO-P1800307",
      SLACcitation   = "%%CITATION = ARXIV:1811.12907;%%"
}


@book{murphy2012machine,
  title="{Machine Learning: A Probabilistic Perspective}",
  author={Murphy, K.P.},
  isbn={9780262018029},
  lccn={2012004558},
  series={Adaptive Computation and Machine Learning series},
  url={https://books.google.it/books?id=NZP6AQAAQBAJ},
  year={2012},
  publisher={MIT Press}
}

@article{Jacobs1991AdaptiveMoE,
  title={Adaptive Mixtures of Local Experts},
  author={Robert A. Jacobs and Michael I. Jordan and Steven J. Nowlan and Geoffrey E. Hinton},
  journal={Neural Computation},
  year={1991},
  volume={3},
  pages={79-87}
}

@article{Ohme2013PCA_GW,
   title={Statistical and systematic errors for gravitational-wave inspiral signals: A principal component analysis},
   volume={88},
   ISSN={1550-2368},
   url={http://dx.doi.org/10.1103/PhysRevD.88.042002},
   DOI={10.1103/physrevd.88.042002},
   number={4},
   journal={Physical Review D},
   publisher={American Physical Society (APS)},
   author={Ohme, Frank and Nielsen, Alex B. and Keppel, Drew and Lundgren, Andrew},
   year={2013},
   month={Aug}
}

@article{Boh__2017__SEOBNRv4,
   title={Improved effective-one-body model of spinning, nonprecessing binary black holes for the era of gravitational-wave astrophysics with advanced detectors},
   volume={95},
   ISSN={2470-0029},
   url={http://dx.doi.org/10.1103/PhysRevD.95.044028},
   DOI={10.1103/physrevd.95.044028},
   number={4},
   journal={Physical Review D},
   publisher={American Physical Society (APS)},
   author={Bohé, Alejandro and Shao, Lijing and Taracchini, Andrea and Buonanno, Alessandra and Babak, Stanislav and Harry, Ian W. and Hinder, Ian and Ossokine, Serguei and Pürrer, Michael and Raymond, Vivien and et al.},
   year={2017},
   month={Feb}
}

@article{Chua_2019,
   title={Reduced-Order Modeling with Artificial Neurons for Gravitational-Wave Inference},
   volume={122},
   ISSN={1079-7114},
   url={http://dx.doi.org/10.1103/PhysRevLett.122.211101},
   DOI={10.1103/physrevlett.122.211101},
   number={21},
   journal={Physical Review Letters},
   publisher={American Physical Society (APS)},
   author={Chua, Alvin J. K. and Galley, Chad R. and Vallisneri, Michele},
   year={2019},
   month={May}
}


@article{Khan:2020fso,
    author = "Khan, Sebastian and Green, Rhys",
    title = "{Gravitational-wave surrogate models powered by artificial neural networks: The ANN-Sur for waveform generation}",
    eprint = "2008.12932",
    archivePrefix = "arXiv",
    primaryClass = "gr-qc",
    month = "8",
    year = "2020"
}


@article{Schmidt2015Precession,
   title={Towards models of gravitational waveforms from generic binaries: Modelling precession effects with a single effective precession parameter},
   volume={91},
   ISSN={1550-2368},
   url={http://dx.doi.org/10.1103/PhysRevD.91.024043},
   DOI={10.1103/physrevd.91.024043},
   number={2},
   journal={Physical Review D},
   publisher={American Physical Society (APS)},
   author={Schmidt, Patricia and Ohme, Frank and Hannam, Mark},
   year={2015},
   month={Jan}
}

@article{	  Mroue:2013xna,
  author	= "Mroue, Abdul H. and Scheel, Mark A. and Szilagyi, Bela and
		  Pfeiffer, Harald P. and Boyle, Michael and others",
  title		= "{A catalog of 174 binary black-hole simulations for
		  gravitational-wave astronomy}",
  journal	= "Phys.Rev.Lett.",
  volume	= "111",
  pages		= "241104",
  doi		= "10.1103/PhysRevLett.111.241104",
  year		= "2013",
  eprint	= "1304.6077",
  archiveprefix	= "arXiv",
  primaryclass	= "gr-qc",
  slaccitation	= "%%CITATION = ARXIV:1304.6077;%%"
}

@article{Boyle:2019kee,
      author         = "Boyle, Michael and others",
      title          = "{The SXS Collaboration catalog of binary black hole
                        simulations}",
      journal        = "Class. Quant. Grav.",
      volume         = "36",
      year           = "2019",
      number         = "19",
      pages          = "195006",
      doi            = "10.1088/1361-6382/ab34e2",
      eprint         = "1904.04831",
      archivePrefix  = "arXiv",
      primaryClass   = "gr-qc",
      SLACcitation   = "%%CITATION = ARXIV:1904.04831;%%"
}

@article{Healy:2019jyf,
    author = "Healy, James and Lousto, Carlos O. and Lange, Jacob and O'Shaughnessy, Richard and Zlochower, Yosef and Campanelli, Manuela",
    title = "{Second RIT binary black hole simulations catalog and its application to gravitational waves parameter estimation}",
    eprint = "1901.02553",
    archivePrefix = "arXiv",
    primaryClass = "gr-qc",
    doi = "10.1103/PhysRevD.100.024021",
    journal = "Phys. Rev. D",
    volume = "100",
    number = "2",
    pages = "024021",
    year = "2019"
}

@misc{betancourt2017hamiltonianMC,
    title={A Conceptual Introduction to Hamiltonian Monte Carlo},
    author={Michael Betancourt},
    year={2017},
    eprint={1701.02434},
    archivePrefix={arXiv},
    primaryClass={stat.ME}
}

@misc{ajith2011data,
      title={Data formats for numerical relativity waves}, 
      author={P. Ajith and M. Boyle and D. A. Brown and S. Fairhurst and M. Hannam and I. Hinder and S. Husa and B. Krishnan and R. A. Mercer and F. Ohme and C. D. Ott and J. S. Read and L. Santamaria and J. T. Whelan},
      year={2011},
      eprint={0709.0093},
      archivePrefix={arXiv},
      primaryClass={gr-qc}
}

@article{Porter2014Hamiltonian_MonteCarlo,
   title={A Hamiltonian Monte–Carlo method for Bayesian inference of supermassive black hole binaries},
   volume={31},
   ISSN={1361-6382},
   url={http://dx.doi.org/10.1088/0264-9381/31/14/145004},
   DOI={10.1088/0264-9381/31/14/145004},
   number={14},
   journal={Classical and Quantum Gravity},
   publisher={IOP Publishing},
   author={Porter, Edward K and Carré, Jérôme},
   year={2014},
   month={Jul},
   pages={145004}
}

