@article{Abbott_2016_GW150914prop,
   title={Properties of the Binary Black Hole Merger GW150914},
   volume={116},
   ISSN={1079-7114},
   url={http://dx.doi.org/10.1103/PhysRevLett.116.241102},
   DOI={10.1103/physrevlett.116.241102},
   number={24},
   journal={Physical Review Letters},
   publisher={American Physical Society (APS)},
   author={Abbott, B. P. and Abbott, R. and Abbott, T. D. and Abernathy, M. R. and Acernese, F. and Ackley, K. and Adams, C. and Adams, T. and Addesso, P. and Adhikari, R. X. and et al.},
   year={2016},
   month={Jun}
}

@misc{ajith2007dataformatsNRWF,
    title={Data formats for numerical relativity waves},
    author={P. Ajith and M. Boyle and D. A. Brown and S. Fairhurst and M. Hannam and I. Hinder and S. Husa and B. Krishnan and R. A. Mercer and F. Ohme and C. D. Ott and J. S. Read and L. Santamaria and J. T. Whelan},
    year={2007},
    eprint={0709.0093},
    archivePrefix={arXiv},
    primaryClass={gr-qc}
}

@article{Damour1999EOB,
  title = {Effective one-body approach to general relativistic two-body dynamics},
  author = {Buonanno, A. and Damour, T.},
  journal = {Phys. Rev. D},
  volume = {59},
  issue = {8},
  pages = {084006},
  numpages = {24},
  year = {1999},
  month = {Mar},
  publisher = {American Physical Society},
  doi = {10.1103/PhysRevD.59.084006},
  url = {https://link.aps.org/doi/10.1103/PhysRevD.59.084006}
}

@article{Damour2009EOB,
       author = "{Damour}, Thibault and {Nagar}, Alessandro",
        title = "{The Effective One Body description of the Two-Body problem}",
      journal = {arXiv e-prints},
     keywords = {General Relativity and Quantum Cosmology},
         year = "2009",
        month = "Jun",
          eid = {arXiv:0906.1769},
        pages = {arXiv:0906.1769},
archivePrefix = {arXiv},
       eprint = {0906.1769},
 primaryClass = {gr-qc},
       adsurl = {https://ui.adsabs.harvard.edu/abs/2009arXiv0906.1769D},
      adsnote = {Provided by the SAO/NASA Astrophysics Data System}
}

@article{Nagar2018TEOBResumS,
      author         = "Nagar, Alessandro and others",
      title          = "{Time-domain effective-one-body gravitational waveforms
                        for coalescing compact binaries with nonprecessing spins,
                        tides and self-spin effects}",
      journal        = "Phys. Rev.",
      volume         = "D98",
      year           = "2018",
      number         = "10",
      pages          = "104052",
      doi            = "10.1103/PhysRevD.98.104052",
      eprint         = "1806.01772",
      primaryClass   = "gr-qc",
}

@misc{Arbey2019scaling,
    title={Black hole mergers, gravitational waves and scaling relations},
    author={Alexandre Arbey and Jean-François Coupechoux},
    year={2019},
    eprint={1911.10219},
    archivePrefix={arXiv},
    primaryClass={gr-qc}
}

@book{murphy2012machine,
  title="{Machine Learning: A Probabilistic Perspective}",
  author={Murphy, K.P.},
  isbn={9780262018029},
  lccn={2012004558},
  series={Adaptive Computation and Machine Learning series},
  url={https://books.google.it/books?id=NZP6AQAAQBAJ},
  year={2012},
  publisher={MIT Press}
}

@article{Jacobs1991AdaptiveMoE,
  title={Adaptive Mixtures of Local Experts},
  author={Robert A. Jacobs and Michael I. Jordan and Steven J. Nowlan and Geoffrey E. Hinton},
  journal={Neural Computation},
  year={1991},
  volume={3},
  pages={79-87}
}

@article{pycorner,
    Author = {Daniel Foreman-Mackey},
    Doi = {10.21105/joss.00024},
    Title = {corner.py: Scatterplot matrices in Python},
    Journal = {The Journal of Open Source Software},
    Year = 2016,
    Volume = 24,
    Url = {http://dx.doi.org/10.5281/zenodo.45906}
}

@article{Abbott2016propGW150914,
   title={Properties of the Binary Black Hole Merger GW150914},
   volume={116},
   ISSN={1079-7114},
   url={http://dx.doi.org/10.1103/PhysRevLett.116.241102},
   DOI={10.1103/physrevlett.116.241102},
   number={24},
   journal={Physical Review Letters},
   publisher={American Physical Society (APS)},
   author={Abbott, B. P. and Abbott, R. and Abbott, T. D. and Abernathy, M. R. and Acernese, F. and Ackley, K. and Adams, C. and Adams, T. and Addesso, P. and Adhikari, R. X. and et al.},
   year={2016},
   month={Jun}
}

@article{Abbott2016GW150914,
   title={Observation of Gravitational Waves from a Binary Black Hole Merger},
   volume={116},
   ISSN={1079-7114},
   url={http://dx.doi.org/10.1103/PhysRevLett.116.061102},
   DOI={10.1103/physrevlett.116.061102},
   number={6},
   journal={Physical Review Letters},
   publisher={American Physical Society (APS)},
   author={Abbott et al.},
   year={2016},
   month={Feb}
}

@article{Baird2013spin_degeneracy,
       author = {{Baird}, Emily and {Fairhurst}, Stephen and {Hannam}, Mark and
         {Murphy}, Patricia},
        title = "{Degeneracy between mass and spin in black-hole-binary waveforms}",
      journal = {Phys. Rev. D},
         year = 2013,
        month = jan,
       volume = {87},
       number = {2},
          eid = {024035},
        pages = {024035},
          doi = {10.1103/PhysRevD.87.024035},
archivePrefix = {arXiv},
       eprint = {1211.0546},
 primaryClass = {gr-qc},
       adsurl = {https://ui.adsabs.harvard.edu/abs/2013PhRvD..87b4035B},
      adsnote = {Provided by the SAO/NASA Astrophysics Data System}
}

@article{Purrer2015meas_spin_deg,
      author         = "Pürrer, Michael and Hannam, Mark and Ohme, Frank",
      title          = "{Can we measure individual black-hole spins from
                        gravitational-wave observations?}",
      journal        = "Phys. Rev.",
      volume         = "D93",
      year           = "2016",
      number         = "8",
      pages          = "084042",
      doi            = "10.1103/PhysRevD.93.084042",
      eprint         = "1512.04955",
      archivePrefix  = "arXiv",
      primaryClass   = "gr-qc",
      SLACcitation   = "%%CITATION = ARXIV:1512.04955;%%"
}


@article{JimenezForteza2016fit_final_BH,
      author         = "Jiménez-Forteza, Xisco and Keitel, David and Husa,
                        Sascha and Hannam, Mark and Khan, Sebastian and Pürrer,
                        Michael",
      title          = "{Hierarchical data-driven approach to fitting numerical
                        relativity data for nonprecessing binary black holes with
                        an application to final spin and radiated energy}",
      journal        = "Phys. Rev.",
      volume         = "D95",
      year           = "2017",
      number         = "6",
      pages          = "064024",
      doi            = "10.1103/PhysRevD.95.064024",
      eprint         = "1611.00332",
      archivePrefix  = "arXiv",
      primaryClass   = "gr-qc",
      reportNumber   = "LIGO-P1600270",
      SLACcitation   = "%%CITATION = ARXIV:1611.00332;%%"
}

@misc{betancourt2017hamiltonianMC,
    title={A Conceptual Introduction to Hamiltonian Monte Carlo},
    author={Michael Betancourt},
    year={2017},
    eprint={1701.02434},
    archivePrefix={arXiv},
    primaryClass={stat.ME}
}


@article{Porter2014Hamiltonian_MonteCarlo,
   title={A Hamiltonian Monte–Carlo method for Bayesian inference of supermassive black hole binaries},
   volume={31},
   ISSN={1361-6382},
   url={http://dx.doi.org/10.1088/0264-9381/31/14/145004},
   DOI={10.1088/0264-9381/31/14/145004},
   number={14},
   journal={Classical and Quantum Gravity},
   publisher={IOP Publishing},
   author={Porter, Edward K and Carré, Jérôme},
   year={2014},
   month={Jul},
   pages={145004}
}

@article{Schmidt2015Precession,
   title={Towards models of gravitational waveforms from generic binaries: Modelling precession effects with a single effective precession parameter},
   volume={91},
   ISSN={1550-2368},
   url={http://dx.doi.org/10.1103/PhysRevD.91.024043},
   DOI={10.1103/physrevd.91.024043},
   number={2},
   journal={Physical Review D},
   publisher={American Physical Society (APS)},
   author={Schmidt, Patricia and Ohme, Frank and Hannam, Mark},
   year={2015},
   month={Jan}
}

@article{Mroue2013NRWFcatalog,
      author         = "Mroue, Abdul H. and others",
      title          = "{Catalog of 174 Binary Black Hole Simulations for
                        Gravitational Wave Astronomy}",
      journal        = "Phys. Rev. Lett.",
      volume         = "111",
      year           = "2013",
      number         = "24",
      pages          = "241104",
      doi            = "10.1103/PhysRevLett.111.241104",
      eprint         = "1304.6077",
      archivePrefix  = "arXiv",
      primaryClass   = "gr-qc",
      SLACcitation   = "%%CITATION = ARXIV:1304.6077;%%"
}

@article{Healy2017NRWFcatalog,
   title={The RIT binary black hole simulations catalog},
   volume={34},
   ISSN={1361-6382},
   url={http://dx.doi.org/10.1088/1361-6382/aa91b1},
   DOI={10.1088/1361-6382/aa91b1},
   number={22},
   journal={Classical and Quantum Gravity},
   publisher={IOP Publishing},
   author={Healy, James and Lousto, Carlos O and Zlochower, Yosef and Campanelli, Manuela},
   year={2017},
   month={Oct},
   pages={224001}
}

@article{skilling2006nested_sampling,
	author = {Skilling, John},
	year = {2006},
	month = {12},
	pages = {833-860},
	title = {Nested sampling for general Bayesian computation},
	volume = {1},
	number = {4},
	journal = {Bayesian Analysis},
	doi = {10.1214/06-BA127}
}

@article{Aasi:2013jjl,
      author         = "Aasi, J. and others",
      title          = "{Parameter estimation for compact binary coalescence
                        signals with the first generation gravitational-wave
                        detector network}",
      collaboration  = "LIGO Scientific, VIRGO",
      journal        = "Phys. Rev.",
      volume         = "D88",
      year           = "2013",
      pages          = "062001",
      doi            = "10.1103/PhysRevD.88.062001",
      eprint         = "1304.1775",
      archivePrefix  = "arXiv",
      primaryClass   = "gr-qc",
      SLACcitation   = "%%CITATION = ARXIV:1304.1775;%%"
}

