@article{Riemenschneider:2020,
    author = "Riemenschneider, Gunnar and Rettegno, Pietro and Nagar, Alessandro",
     year = "in preparation, 2020"
}